@inproceedings{NIPS2009_a113c1ec,
 author = {Lee, Honglak and Pham, Peter and Largman, Yan and Ng, Andrew},
 booktitle = {Advances in Neural Information Processing Systems},
 editor = {Y. Bengio and D. Schuurmans and J. Lafferty and C. Williams and A. Culotta},
 pages = {},
 publisher = {Curran Associates, Inc.},
 title = {Unsupervised feature learning for audio classification using convolutional deep belief networks},
 url = {https://proceedings.neurips.cc/paper/2009/file/a113c1ecd3cace2237256f4c712f61b5-Paper.pdf},
 volume = {22},
 year = {2009}
}

